<?xml version="1.0" encoding="UTF-8"?><collection xmlns="http://www.loc.gov/MARC21/slim"><record><leader>00533nam--2200181-i-4500</leader><controlfield tag="001">000016125</controlfield><controlfield tag="002">20161230</controlfield><controlfield tag="005">20161230201031</controlfield><controlfield tag="008">060222s1000------------r-----000-0-fre-d</controlfield><datafield ind1=" " ind2=" " tag="040"><subfield code="a">IFIN-HH</subfield></datafield><datafield ind1=" " ind2=" " tag="041"><subfield code="a">fre</subfield></datafield><datafield ind1=" " ind2=" " tag="080"><subfield code="a">539.12(043)</subfield></datafield><datafield ind1="1" ind2=" " tag="100"><subfield code="a">Bonnet, Alain</subfield></datafield><datafield ind1="1" ind2="0" tag="245"><subfield code="a">Methode d analyse d'une experience de chambre a bulles. etude des annihilations pp-kkn a 2,5 gev/c(1 n 5)</subfield><subfield code="b">These</subfield><subfield code="c">Alain bonnet</subfield></datafield><datafield ind1=" " ind2=" " tag="260"><subfield code="a">Orsay</subfield><subfield code="b">Universite De Paris</subfield><subfield code="c">1970</subfield></datafield><datafield ind1=" " ind2=" " tag="300"><subfield code="a">216 P</subfield></datafield><datafield ind1=" " ind2=" " tag="852"><subfield code="a">76989</subfield><subfield code="c">539.12</subfield></datafield><datafield ind1=" " ind2=" " tag="CAT"><subfield code="a">Sys</subfield><subfield code="c">20120120</subfield><subfield code="h">085424</subfield></datafield></record></collection>